<?xml version="1.0" encoding="UTF-8"?><collection xmlns="http://www.loc.gov/MARC21/slim"><record><leader>00513nam--2200169-u-4500</leader><controlfield tag="001">000055562</controlfield><controlfield tag="002">20161230</controlfield><controlfield tag="005">20161230201052</controlfield><controlfield tag="008">130225s1000------------r-----000-0-eng-d</controlfield><datafield ind1=" " ind2=" " tag="040"><subfield code="a">IFIN-HH</subfield></datafield><datafield ind1=" " ind2=" " tag="080"><subfield code="a">621.38(030.8)</subfield></datafield><datafield ind1="1" ind2=" " tag="100"><subfield code="a">Andrienko, I.N</subfield></datafield><datafield ind1="1" ind2="0" tag="245"><subfield code="a">Cesko-rusky elektrotehnicky a elektronicky slovnik</subfield><subfield code="b">Cessko-russkii slovari po elektrotehnike i elektronike</subfield><subfield code="h">I.n. andrienko</subfield></datafield><datafield ind1=" " ind2=" " tag="260"><subfield code="a">Moskva</subfield><subfield code="b">Slvetskaia Entiklopedia</subfield><subfield code="c">1966</subfield></datafield><datafield ind1=" " ind2=" " tag="300"><subfield code="a">524P</subfield></datafield><datafield ind1=" " ind2=" " tag="852"><subfield code="a">D.397</subfield><subfield code="c">SLT</subfield></datafield><datafield ind1=" " ind2=" " tag="CAT"><subfield code="a">Sys</subfield><subfield code="c">20130225</subfield><subfield code="h">165946</subfield></datafield></record></collection>